<record><leader>00000cas a22000007a 4500</leader><controlfield tag="001">49252745</controlfield><controlfield tag="008">020306d194919uutnusr ne      0    0eng d</controlfield><datafield ind1=" " ind2=" " tag="010"><subfield code="a">sn2002062500</subfield></datafield><datafield ind1=" " ind2=" " tag="040"><subfield code="a">TGN</subfield><subfield code="b">eng</subfield><subfield code="c">TGN</subfield><subfield code="d">OCLCQ</subfield><subfield code="d">OCLCO</subfield></datafield><datafield ind1="1" ind2=" " tag="029"><subfield code="a">AU@</subfield><subfield code="b">000023414580</subfield></datafield><datafield ind1=" " ind2=" " tag="042"><subfield code="a">msc</subfield></datafield><datafield ind1=" " ind2=" " tag="043"><subfield code="a">n-us-tn</subfield></datafield><datafield ind1="0" ind2=" " tag="130"><subfield code="a">Carrier's courier (Smyrna, Tenn.)</subfield></datafield><datafield ind1="1" ind2="4" tag="245"><subfield code="a">The carrier's courier.</subfield></datafield><datafield ind1=" " ind2=" " tag="260"><subfield code="a">Smyrna, Tenn. :</subfield><subfield code="b">Military Personnel of Sewart Air Force Base</subfield></datafield><datafield ind1=" " ind2=" " tag="300"><subfield code="a">v.</subfield></datafield><datafield ind1=" " ind2=" " tag="310"><subfield code="a">Semimonthly</subfield></datafield><datafield ind1="1" ind2=" " tag="362"><subfield code="a">Began in 1949?</subfield></datafield><datafield ind1=" " ind2=" " tag="500"><subfield code="a">"314th Troop Carrier Wing" and "Fourteenth Air Force CONAC" appears in masterhead ornament.</subfield></datafield><datafield ind1=" " ind2=" " tag="588"><subfield code="a">Description based on: Vol. 2, no. 2 (Aug. 12, 1950).</subfield></datafield><datafield ind1=" " ind2="0" tag="651"><subfield code="a">Sewart Air Force Base (Smyrna, Tenn.)</subfield><subfield code="v">Newspapers.</subfield></datafield><datafield ind1=" " ind2="0" tag="651"><subfield code="a">Smyrna (Rutherford County, Tenn.)</subfield><subfield code="v">Newspapers.</subfield></datafield><datafield ind1=" " ind2="0" tag="651"><subfield code="a">Rutherford County (Tenn.)</subfield><subfield code="v">Newspapers.</subfield></datafield><datafield ind1="1" ind2=" " tag="710"><subfield code="a">United States.</subfield><subfield code="b">Army Air Forces.</subfield><subfield code="b">Troop Carrier Group, 314th.</subfield></datafield><datafield ind1="1" ind2=" " tag="710"><subfield code="a">United States.</subfield><subfield code="b">Army Air Forces.</subfield><subfield code="b">Tactical Air Command, 14th.</subfield></datafield><datafield ind1=" " ind2=" " tag="752"><subfield code="a">United States</subfield><subfield code="b">Tennessee</subfield><subfield code="c">Rutherford</subfield><subfield code="d">Smyrna.</subfield></datafield></record>